<?xml version="1.0" encoding="UTF-8"?><collection><record><leader>06281ntm a2200769 a 4500</leader><controlfield tag="001">006815302</controlfield><controlfield tag="003">MiAaHDL</controlfield><controlfield tag="005">20190719000000.0</controlfield><controlfield tag="006">m        d        </controlfield><controlfield tag="007">cr bn ---auaua</controlfield><controlfield tag="008">090610s18uu    xx            00| ||ara d</controlfield><datafield tag="035" ind1=" " ind2=" "><subfield code="a">(MiU)006815302</subfield></datafield><datafield tag="035" ind1=" " ind2=" "><subfield code="a">sdr-miu006815302</subfield></datafield><datafield tag="040" ind1=" " ind2=" "><subfield code="a">MiU</subfield><subfield code="c">MiU</subfield><subfield code="e">amremm</subfield></datafield><datafield tag="041" ind1="0" ind2=" "><subfield code="a">ara</subfield><subfield code="a">ota</subfield></datafield><datafield tag="043" ind1=" " ind2=" "><subfield code="a">n-us-mi</subfield></datafield><datafield tag="245" ind1="0" ind2="0"><subfield code="6">880-03</subfield><subfield code="a">[Majmūʻah,</subfield><subfield code="f">19th century?].</subfield></datafield><datafield tag="246" ind1="3" ind2=" "><subfield code="i">Title from inscription on 'title page' (p.5):</subfield><subfield code="a">ديوان صادق ونجيب</subfield></datafield><datafield tag="260" ind1=" " ind2=" "><subfield code="c">[18--?].</subfield></datafield><datafield tag="300" ind1=" " ind2=" "><subfield code="a">24 leaves :</subfield><subfield code="b">paper ;</subfield><subfield code="c">247 x 145 (180 x 68) mm.</subfield></datafield><datafield tag="500" ind1=" " ind2=" "><subfield code="a">Shelfmark: Ann Arbor, University of Michigan, Special Collections Library, Isl. Ms. 648</subfield></datafield><datafield tag="500" ind1=" " ind2=" "><subfield code="a">Origin: Lacks dated colophon though poem on p.33 possibly dated 1199 [1784 or 5]. Paper, etc. suggests late 18th or early 19th century.</subfield></datafield><datafield tag="500" ind1=" " ind2=" "><subfield code="a">Accompanying materials: a. Acquisitions slip from Yahuda (pp.1-2) -- b. Inventory cataloguing slip in hand of Winifred Smeaton Thomas (pp.3-4).</subfield></datafield><datafield tag="500" ind1=" " ind2=" "><subfield code="a">Former shelfmark: From inner front cover, 'title page' (p.5) and label on lower cover, "IL 128" (likely supplied by Yahuda, see acquisitions slip).</subfield></datafield><datafield tag="500" ind1=" " ind2=" "><subfield code="a">Binding: Pasteboards covered in red cut velvet with dark red leather over spine and edges/turn-ins (framed binding) ; Type III binding (without flap) ; doublures in marbled paper (striking pattern mainly in red, blue, yellow and black on white) with doublure hinges in a different marbled paper (blue on white) ; leather surrounding velvet panels gold-tooled in wide guilloché roll border ; sewn in yellow thread, two stations, though textblock detached from cover and with many loose quires ; overall in somewhat poor condition with some abrasion and staining, lifting of leather, spine fully split with covers detached from one another and from textblock, etc.</subfield></datafield><datafield tag="500" ind1=" " ind2=" "><subfield code="a">Support: non-European (likely Persian or Indian) laid paper with 7-8 laid lines per cm. (vertical or horizontal, varies), curved and fairly distinct and occasional chain lines visible at roughly 45 mm. apart ; thin and crisp though sturdy, well-burnished to glossy ; alternating leaves surface dyed a dark yellow ochre, pale green or pale pink.</subfield></datafield><datafield tag="500" ind1=" " ind2=" "><subfield code="a">Decoration: Occasional vocalization and orthographic signs rubricated ; signatures following several of the poems rubricated ; for one poem (see p.22) opening letters of opening words of each hemistich rubricated.</subfield></datafield><datafield tag="500" ind1=" " ind2=" "><subfield code="a">Script: Nastaʻlīq ; compact, elegant hand ; characteristically serifless with effect of words descending to baseline, elongation and thickness of horizontal strokes.</subfield></datafield><datafield tag="500" ind1=" " ind2=" "><subfield code="a">Layout: Written in 29 lines per page ; often divided to two columns to set off poetry.</subfield></datafield><datafield tag="500" ind1=" " ind2=" "><subfield code="a">Collation: 2 V (20), I+2 (24) ; possible that leaves are missing ; catchwords present ; pagination in pencil, Western numerals, supplied during digitization (includes inserts).</subfield></datafield><datafield tag="500" ind1=" " ind2=" "><subfield code="a">Title supplied by cataloguer.</subfield></datafield><datafield tag="500" ind1=" " ind2=" "><subfield code="a">Ms. codex.</subfield></datafield><datafield tag="505" ind1="0" ind2=" "><subfield code="a">16. p.50-p.52 : [blank].</subfield></datafield><datafield tag="505" ind1="0" ind2=" "><subfield code="a">15. p.47-p.49 : [three short poems in Turkish].</subfield></datafield><datafield tag="505" ind1="0" ind2=" "><subfield code="a">14. 46-p.47 : [mainly poems, opens "تجلى ضيا الفضل من افقك الاعلا" ].</subfield></datafield><datafield tag="505" ind1="0" ind2=" "><subfield code="a">13. p.38-p.45 : [blank].</subfield></datafield><datafield tag="505" ind1="0" ind2=" "><subfield code="a">12. p.35-37 : [short prose piece, opens "الحمد لله ... يا مخلص النفوس اذا لعثمت دياجي"].</subfield></datafield><datafield tag="505" ind1="0" ind2=" "><subfield code="a">11. p.34-p.35 : [poem, opens "بك المناصب في العلياء تفتخر" ].</subfield></datafield><datafield tag="505" ind1="0" ind2=" "><subfield code="a">10. p.32-p.33 : [poem, opens "لحى الله دهرا بالاحبة افجعا" ].</subfield></datafield><datafield tag="505" ind1="0" ind2=" "><subfield code="a">9. p.29-p.31 : [short prose piece, opens "الحمد لله وصلى الله على سيدنا محمد ... انظر روض باكرة الماطر" ].</subfield></datafield><datafield tag="505" ind1="0" ind2=" "><subfield code="a">8. p.28 : [short prose piece, opens "بسم الله الجامع بذاته حقائق اسمائه وصفاته" ].</subfield></datafield><datafield tag="505" ind1="0" ind2=" "><subfield code="a">7. p.26-p.27 : [short prose piece, opens "ما تبسم فجر وضحك غمام" ].</subfield></datafield><datafield tag="505" ind1="0" ind2=" "><subfield code="a">6. p.25 : [poem signed al-Sayyid Muḥammad, opens "تبسم ثغر الفتح يهتف بالنصر" ].</subfield></datafield><datafield tag="505" ind1="0" ind2=" "><subfield code="a">5. p.20-p.24 : [poems]</subfield></datafield><datafield tag="505" ind1="0" ind2=" "><subfield code="a">4. p.19-p.20 : [poem signed ʻAbd al-ʻAzīz al-Ṣamadī [?], opens "يا شام كم لك من يد عندي" ].</subfield></datafield><datafield tag="505" ind1="0" ind2=" "><subfield code="a">3. p.13-p.18 : [poems, final signed ʻUmar ibn ʻAbd al-Salām, opens "الحمد لله ... قم يا نديم فما اصطباحك عار" ].</subfield></datafield><datafield tag="505" ind1="0" ind2=" "><subfield code="a">2. p.9-p.12 : [poem signed Muḥammad Najīb al-Azharī al-Ḥusnī al-ʻAṭṭār, opens "جاءت وكف القبول يحملها"].</subfield></datafield><datafield tag="505" ind1="0" ind2=" "><subfield code="a">1. p.6-p.8 : [poem signed Muḥammad Ṣādiq, opens "حتى متى البين ومر السهاد اقضى ولا اقضى بسعدي مراد"].</subfield></datafield><datafield tag="520" ind1="8" ind2=" "><subfield code="a">Fine copy of a small collection of poems and brief prose pieces in Arabic (some signed by Muḥammad Ṣādiq, Muḥammad Najīb al-Azharī al-Ḥusnī al-ʻAṭṭār, ʻUmar ibn ʻAbd al-Salām, and ʻAbd al-ʻAzīz al-Ṣamadī [?]), concluding with three short poems in Turkish.</subfield></datafield><datafield tag="538" ind1=" " ind2=" "><subfield code="a">Mode of access: Internet.</subfield></datafield><datafield tag="541" ind1=" " ind2=" "><subfield code="a">Acquired in 1926 from the bookseller Isaac Benjamin S.E. Yahuda via purchase transacted on his behalf by Abraham Shalom Yahuda (1877-1951), his younger brother.</subfield></datafield><datafield tag="546" ind1=" " ind2=" "><subfield code="a">Arabic and Ottoman Turkish.</subfield></datafield><datafield tag="561" ind1=" " ind2=" "><subfield code="a">Book price and possible former inventory marks on 'title page' (p.5) ; occasional marginal corrections.</subfield></datafield><datafield tag="650" ind1=" " ind2="0"><subfield code="a">Manuscripts, Turkish</subfield><subfield code="z">Michigan</subfield><subfield code="z">Ann Arbor.</subfield></datafield><datafield tag="650" ind1=" " ind2="0"><subfield code="a">Manuscripts, Arabic</subfield><subfield code="z">Michigan</subfield><subfield code="z">Ann Arbor.</subfield></datafield><datafield tag="650" ind1=" " ind2="0"><subfield code="a">Turkish poetry.</subfield></datafield><datafield tag="650" ind1=" " ind2="0"><subfield code="a">Arabic poetry.</subfield></datafield><datafield tag="700" ind1="0" ind2=" "><subfield code="6">880-07</subfield><subfield code="a">ʻAbd al-ʻAzīz al-Ṣamadī.</subfield></datafield><datafield tag="700" ind1="0" ind2=" "><subfield code="6">880-06</subfield><subfield code="a">ʻUmar ibn ʻAbd al-Salām.</subfield></datafield><datafield tag="700" ind1="0" ind2=" "><subfield code="6">880-05</subfield><subfield code="a">Muḥammad Najīb al-Azharī al-Ḥusnī al-ʻAṭṭār.</subfield></datafield><datafield tag="700" ind1="0" ind2=" "><subfield code="6">880-04</subfield><subfield code="a">Muḥammad Ṣādiq.</subfield></datafield><datafield tag="773" ind1="0" ind2=" "><subfield code="a">Yahuda Collection.</subfield></datafield><datafield tag="880" ind1="0" ind2=" "><subfield code="6">700-07/</subfield><subfield code="a">عبد العزيز الصمدي.</subfield></datafield><datafield tag="880" ind1="0" ind2=" "><subfield code="6">700-06/</subfield><subfield code="a">عمر بن عبد السلام.</subfield></datafield><datafield tag="880" ind1="0" ind2=" "><subfield code="6">700-05/</subfield><subfield code="a">.محمد نجيب الازهري الحسني العطار</subfield></datafield><datafield tag="880" ind1="0" ind2=" "><subfield code="6">700-04/</subfield><subfield code="a">محمد صادق.</subfield></datafield><datafield tag="880" ind1="0" ind2="0"><subfield code="6">245-03/</subfield><subfield code="a">[مجموعة,</subfield><subfield code="f">القرن 19م؟].</subfield></datafield><datafield tag="CID" ind1=" " ind2=" "><subfield code="a">006815302</subfield></datafield><datafield tag="DAT" ind1="0" ind2=" "><subfield code="a">20190719102639.0</subfield><subfield code="b">20190719000000.0</subfield></datafield><datafield tag="DAT" ind1="1" ind2=" "><subfield code="a">20190719090653.0</subfield><subfield code="b">2019-07-19T16:12:04Z</subfield></datafield><datafield tag="DAT" ind1="2" ind2=" "><subfield code="a">2015-10-10T18:00:06Z</subfield><subfield code="b">2014-04-23T20:00:03Z</subfield></datafield><datafield tag="CAT" ind1=" " ind2=" "><subfield code="a">SDR-MIU</subfield><subfield code="d">EX LIBRIS - ALEPH</subfield><subfield code="l">prepare.pl-004-008</subfield></datafield><datafield tag="FMT" ind1=" " ind2=" "><subfield code="a">BK</subfield></datafield><datafield tag="HOL" ind1=" " ind2=" "><subfield code="0">sdr-miu006815302</subfield><subfield code="a">MiU</subfield><subfield code="b">SDR</subfield><subfield code="c">MIU</subfield><subfield code="p">mdp.39015079129394</subfield><subfield code="s">MIU</subfield><subfield code="1">006815302</subfield></datafield><datafield tag="974" ind1=" " ind2=" "><subfield code="b">MIU</subfield><subfield code="c">MIU</subfield><subfield code="d">20190719</subfield><subfield code="s">lit-dlps-dc</subfield><subfield code="u">mdp.39015079129394</subfield><subfield code="y">1899</subfield><subfield code="r">pd</subfield><subfield code="q">add</subfield></datafield></record></collection>